@book{fenics,
  title={Automated solution of differential equations by the finite element method: The FEniCS book},
  author={Logg, Anders and Mardal, Kent-Andre and Wells, Garth},
  volume=84,
  year=2012,
  publisher={Springer Science \& Business Media}
}
@book{thomee,
  title={Galerkin Finite Element Methods for Parabolic Problems (Springer Series in Computational Mathematics)},
  author={Thom√©e, Vidar},
  publisher={Springer-Verlag},
  year={1984},
}